@ARTICLE{vakbib1,
  author = {Фамилия, И. О. and Фамилия2, И. О. and Фамилия3, И. О.},
  addendum = {(0,28~п.~л.)},
  title = {Название статьи},
  journal = {Журнал},
  year = {2013},
  volume = {1},
  number = {5},
  pages = {100--120},
  language = {russian},
}

@ARTICLE{vakbib2,
  author = {Фамилия, И. О. and Фамилия2, И. О. and Фамилия3, И. О. and Фамилия4, И. О.},
  addendum = {(0,33~п.~л.~/ 0,28~п.~л.)},
  title = {Название статьи},
  journal = {Журнал},
  year = {2014},
  volume = {1},
  number = {5},
  pages = {100--120},
  language = {russian},
}

@Article{Serdyuk2014,
  author    = {Сердюк, К. С. and Власов, А. А. and Соболев, А. Ю. and Ельцов, И. Н.},
  title     = {Технология создания многопараметричных палеток для решения прямых и обратных задач скважинной геоэлектрики},
  journal   = {Каротажник},
  year      = {2014},
  number    = {7 (241)},
  pages     = {32--41},
  language  = {russian},
  publisher = {Международная Ассоциация научно-технического и делового сотрудничества по геофизическим исследованиям и работам в скважинах (Тверь)},
}

@Article{Serdyuk2011,
  author    = {Мaртьянов, А. С. and Тейтельбaум,  Д. В. and Сердюк, К. С. and Власов, А. А. and Ельцов, И. Н.},
  title     = {Использование свободных сетевых ресурсов предприятия для решения емких вычислительных геофизических задач},
  journal   = {Каротажник},
  year      = {2011},
  number    = {11 (209)},
  pages     = {??--??},
  language  = {russian},
  publisher = {Международная Ассоциация научно-технического и делового сотрудничества по геофизическим исследованиям и работам в скважинах (Тверь)},
}

@Article{Serdyuk2017,
  author    = {Торопецкий, К. В. and Курмангалиев, Р. З. and Сердюк, К. С. and Верхушин, И. А. and Лыхин, П. А.},
  title     = {Реализация буровой механики в ПО <<АРМ Бурение>>},
  journal   = {Автоматизация, телемеханизация и связь в нефтяной промышленности},
  year      = {2017},
  number    = {7},
  pages     = {17--26},
  language  = {russian},
}

