@inproceedings{confbib1,
  author = {Фамилия, И. О.},
  title = {название тезисов конференции},
  booktitle = {Название сборника},
  year = {2015},
  language = {russian},
}

@CONFERENCE{confbib2,
  author = {Фамилия, И. О.},
  title = {название тезисов конференции},
  booktitle = {Название сборника},
  year = {2015},
  language = {russian},
}

@InProceedings{Uramaev2015,
  author       = {Урамаев, М. Ш. and Сердюк, К. С. and Тейтельбаум, Д. В. and Власов, А. А. and Соболев, А. Ю. and Ельцов, И. Н.},
  title        = {Программная библиотека Emfcore для построения согласованной геоэлектрической модели пласта},
  booktitle    = {Тюмень 2015: Глубокие горизонты науки и недр},
  year         = {2015},
  pages        = {PP01},
  address      = {Тюмень},
  organization = {EAGE},
  language     = {russian},
}

@Article{Baranova2014,
  author       = {Баранова, С. С. and Сердюк, К. С. and Соболев, А. Ю.},
  title        = {Разработка набора инструментов для интерпретации данных бокового каротажного зондирования в программном комплексе Techlog},
  journal      = {Интерэкспо Гео-Сибирь},
  year         = {2014},
  volume       = {2},
  number       = {2},
  pages        = {8--12},
  booktitle    = {X международная специализированная выставка и научный конгресс {\guillemotleft}ГЕО-СИБИРЬ{\guillemotright}, направление:{\guillemotleft}Недропользование. Горное дело. Новые направления и технологии поиска, разведки и разработки месторождений полезных ископаемых. Геоэкология{\guillemotright}},
  language     = {russian},
  organization = {СГГА, Новосибирск},
}

@Article{Serdyuk2013a,
  author       = {Сердюк, К. С. and Агбаш, И. А. and Соболев, А. Ю.},
  title        = {Построение быстрых аппроксимационных модулей решения задач высокочастотного электромагнитного каротажа},
  journal      = {Интерэкспо Гео-Сибирь},
  year         = {2013},
  volume       = {2},
  number       = {2},
  pages        = {96--101},
  booktitle    = {IX международная специализированная выставка и научный конгресс {\guillemotleft}ГЕО-СИБИРЬ{\guillemotright}, направление:{\guillemotleft}Недропользование. Горное дело. Новые направления и технологии поиска, разведки и разработки месторождений полезных ископаемых. Геоэкология{\guillemotright}},
  language     = {russian},
  organization = {СГГА},
}

@Article{Koshelev2012,
  author       = {Кошелев, А. С. and Тейтельбаум, Д. В. and Сердюк, К. С. and Глущенко, М. Н. and Власов, А. А. and Соболев, А. Ю.},
  title        = {Параллелизация и оптимизация последовательного алгоритма расчета сигналов для высокочастотного индукционного каротажа},
  journal      = {Интерэкспо Гео-Сибирь},
  year         = {2012},
  volume       = {1},
  number       = {2},
  pages        = {147--152},
  booktitle    = {VIII международная специализированная выставка и научный конгресс {\guillemotleft}ГЕО-СИБИРЬ{\guillemotright}, направление:{\guillemotleft}Недропользование. Горное дело. Новые направления и технологии поиска, разведки и разработки месторождений полезных ископаемых. Геоэкология{\guillemotright}},
  groups       = {Соболев},
  keywords     = {3d Modeling, High-Frequency Inductive Logging, High-Performance Computing, Высокопроизводительные Вычисления, Высокочастотный Индукционный Каротаж, Трехмерное Моделирование},
  language     = {russian},
  organization = {СГГА},
}

@Article{Teit2011,
  author       = {Тейтельбаум, Д. В. and Мартьянов, А. С. and Сердюк, К. С. and Власов, А. А. and Соболев, А. Ю.},
  title        = {Решение задач скважинной геоэлектрики c помощью технологий ГРИД},
  journal      = {Интерэкспо Гео-Сибирь},
  year         = {2011},
  volume       = {2},
  number       = {1},
  pages        = {143--147},
  booktitle    = {VII международная специализированная выставка и научный конгресс {\guillemotleft}ГЕО-СИБИРЬ{\guillemotright}, направление:{\guillemotleft}Недропользование. Горное дело. Новые направления и технологии поиска, разведки и разработки месторождений полезных ископаемых. Геоэкология{\guillemotright}},
  groups       = {Соболев},
  language     = {russian},
  organization = {СГГА},
}
